
@article{Bump1996,
	title = {The standardization of terminology of female pelvic organ prolapse and pelvic floor dysfunction},
	author = {{Bump}, {Richard C.} and {Mattiasson}, {Anders} and {BÃ¸}, {Kari} and {Brubaker}, {Linda P.} and {DeLancey}, {John O.L.} and {Klarskov}, {Peter} and {Shull}, {Bob L.} and {Smith}, {Anthony R.B.}},
	year = {1996},
	month = {07},
	date = {1996-07},
	journal = {American Journal of Obstetrics and Gynecology},
	pages = {10--17},
	volume = {175},
	number = {1},
	doi = {10.1016/s0002-9378(96)70243-0},
	url = {http://dx.doi.org/10.1016/s0002-9378(96)70243-0},
	langid = {en}
}

@article{Madhu2018,
	title = {How to use the Pelvic Organ Prolapse Quantification (POP-Q) system?},
	author = {{Madhu}, {Chendrimada} and {Swift}, {Steven} and {Moloney-Geany}, {Sophie} and {Drake}, {Marcus J.}},
	year = {2018},
	month = {08},
	date = {2018-08},
	journal = {Neurourology and Urodynamics},
	pages = {S39--S43},
	volume = {37},
	number = {S6},
	doi = {10.1002/nau.23740},
	url = {http://dx.doi.org/10.1002/nau.23740},
	langid = {en}
}

@article{Haylen2010,
	title = {An international urogynecological association (IUGA)/international continence society (ICS) joint report on the terminology for female pelvic floor dysfunction},
	author = {{Haylen}, {Bernard T.} and {de Ridder}, {Dirk} and {Freeman}, {Robert M.} and {Swift}, {Steven E.} and {Berghmans}, {Bary} and {Lee}, {Joseph} and {Monga}, {Ash} and {Petri}, {Eckhard} and {Rizk}, {Diaa E.} and {Sand}, {Peter K.} and {Schaer}, {Gabriel N.}},
	year = {2009},
	month = {11},
	date = {2009-11-25},
	journal = {Neurourology and Urodynamics},
	pages = {4--20},
	volume = {29},
	number = {1},
	doi = {10.1002/nau.20798},
	url = {http://dx.doi.org/10.1002/nau.20798},
	langid = {en}
}
